@Article{ Haxton89,
	author = "W C Haxton and E M Henley and M J Musolf",
	journal = "Phys. Rev. Lett.",
	volume = 63,
	pages = "949",
	year = 1989
}
@Article{ Haxton02,
	author = "W C Haxton and C P Liu and M J Ramsey-Musolf",
	journal = "Phys. Rev. C",
	volume = 65,
	pages = "045502",
	year = 2002
}
@Book{ Jeevanjee,
	author = "Nadir Jeevanjee",
	title = "An Introduction to Tensors and Group Theory for Physicists",
	publisher = "Springer",
	address = "Switzerland",
	year = 2011,2015
}
@Book{ Schuck,
	author = "Peter Ring and Peter Schuck",
	title = "The Nuclear Many-Body Problem",
	publisher = "Springer-Verlag",
	address = "New York",
	year = 1980
}
@Book{ Waleka,
	author = "Alexander Fetter and John Walecka",
	title = "Quantum Theory of Many-Particle Systems",
	publisher = "McGraw-Hill",
	address = "New York",
	year = 1971
}
@Book{ Heyde,
	author = "K Heyde",
	title = "Basic Ideas and Concepts in Nuclear Physics",
	publisher = "Institute of Physics Publishing",
	address = "London",
	year = 1994
}
@Book{ Edmonds,
	author = "A R Edmonds",
	title = "Angular Momentum in Quantum Mechanics",
	publisher = "Princeton University Press",
	address = "Princeton, NJ",
	year = 1957
}
@Book{ Feshbach,
	author = "Amos deShalit and Herman Feshbach",
	title = "Theoretical Nuclear Physics, Volume I: Nuclear Structure",
	publisher = "John Wiley and Sons, INC.",
	address = "New York",
	year = 1974
}
@Book{ Shankar,
	author = "R Shankar",
	title = "Principles of Quantum Mechanics",
	publisher = "Springer",
	address = "New York",
	year = 1994
}
@Article{ Papenbrock03,
	author = "T Papenbrock and D J Dean",
	journal = "Phys. Rev. C",
	volume = 67,
	pages = "051303",
	year = 2003
}
@Article{ Papenbrock04,
	author = "T Papenbrock and A Juodagalvis and D J Dean",
	journal = "Phys. Rev. C",
	volume = 69,
	pages = "024312",
	year = 2004
}
@Article{ Papenbrock05,
	author = "T Papenbrock and D J Dean",
	journal = "J. Phys. G: Nucl. .Part. Phys.",
	volume = 31,
	pages = "S1377",
	year = 2005
}
@Article{ Johnson13,
	author = "C W Johnson and W E Ormand and P G Krastev",
	journal = "Comp. Phys. Comm.",
	volume = 184,
	pages = "2761",
	year = 2013
}
@Manual{ Johnson18,
	title = "BIGSTICK: A flexible configuration-interaction shell-model code",
	organization = "Department of Physics, San Diego State University",
	author="C W Johnson and W E Ormand and K S McElvain and H Shan",
	year = 2018
}
@Manual{ Epelbaum,
	title = "Nuclear forces from chiral effective field theory - a primer",
	organization = "Society for Industrial and Applied Mathematics",
	author="Evgeny Epelbaum",
	year = 2009
}
@Book{ LAPACK,
	title = "LAPACK Users' Guide",
	organization = "Joliot-Curie School, Lacanau, France",
	year = 1999
}
@Article{ usdb,
	author = "B A Brown and W A Richter",
	journal = "Phys. Rev. C",
	volume = 74,
	pages = "034315",
	year = 2006
}
@Article{ Dirac,
	author = "P A M Dirac",
	journal = "Proc. R. Soc. Lond. A",
	volume = 112,
	pages = "661",
	year = 1926
}
@Manual{ nndc,
	title = "Data Formats and Procedures for the Evaluated Nuclear Data File ENDF-6",
	organization = "National Nuclear Data Center, Brookhaven National Laboratory",
	author="The Cross Section Evaluation Working Group",
	year = 1995
}

@Book{ Brussard,
	author = "P J Brussaard and P W M Glaudemans",
	title = "Shell-model Applications in Nuclear Spectroscopy",
	publisher = "North-Holland Publishing Company",
	address = "Amsterdam",
	year = 1977
}
@Book{ eisenberg,
	author = "J M Eisenberg and W Greiner",
	title = "Microscopic Theory of the Nucleus",
	publisher = "North-Holland Publishing Company",
	address = "Amsterdam",
	year = 1972
}
@Book{ Segre,
	author = "Emilio Segre",
	title = "Nuclei and Particles",
	publisher = "Benjamin/Cummings Publishing Company",
	address = "Reading, Massachusetts",
	year = 1977
}
@Book{ Hall,
	author = "Brian C. Hall",
	title = "Quantum Theory for Mathematicians",
	publisher = "Springer",
	address = "New York ",
	year = 2013
}
@Book{ NumRec,
	author = "W H Press and S A Teukolsky and W T Vetterling and B P Flannery",
	title = "Numerical Recipes in Fortran 77",
	publisher = "Cambridge University Press",
	address = "Cambridge",
	year = 1992
}
@Book{ openmp,
        title = "OpenMP Application Programming Interface",
        organization = "OpenMP Architecture Review Board",
        author="",
        year = 2015
}
@Manual{ mpi,
        title = "MPI: A Message-Passing Interface Standard",
        organization = "University of Tennessee",
        author="Message Passing Interface Forum",
        year = 2012
}

@Book{ Wong,
	author = "Samuel S M Wong",
	title = "Introductory Nuclear Physics",
	publisher = "Wiley-VCH",
	address = "Weinheim",
	year = 2004
}



@Article{ lanczos,
	author = "J Cullum and R A Willoughby",
	journal = "J. Comp. and App. Math.",
	volume = 12,
	pages = "37",
	year = 1985
}
@Article{ Willmann,
	author = "L Willmann and K Jungmann",
	journal = "Ann. Phys. (Berl.)",
	volume = 528,
	pages = "108",
	year = 2015
}
@Article{ Bednyakov,
	author = "V.A. Bednyakov and F. Simkovic",
	journal = "Phys. Part. Nucl.",
	volume = 36,
	pages = "131",
	year = 2005
}

@Article{ Sakhorav,
	author = "A Sakhorav",
	journal = "JETP Lett.",
	volume = 5,
	pages = "24",
	year = 1967
}
@Article{ Brown2,
	author = "B A Brown and M Horoi and A Sen'kov",
	journal = "Phys. Rev. Lett.",
	volume = 113,
	pages = "1",
	year = 2014
}
@Article{ Faessler,
  author={Amand Faessler},
  journal={J. of Phys.: Conference Series},
  volume={337},
  pages={012065},
  year={2012},
}
@article{Caurier,
  author = {Caurier, E. and Mart\'{\i}nez-Pinedo, G. and Nowacki, F. and Poves, A. and Zuker, A. P.},
  journal = {Rev. Mod. Phys.},
  volume = {77},
  pages = {427},
  year = {2005},
}


